% ********** Bibliografia **********

% ***********************************************************
% W tym pliku powinny znaleźć się pozycje bibliograficzne
% ***********************************************************

@MISC{wytyczne,
	journal={Wydzia³ Telekomunikacji, Informatyki i Elektrotechnik},
	title={Regulamin Dyplomowania},
	note = {\url{http://wtie.utp.edu.pl/dla-dyplomantow/}[Data uzyskania dostępu: 30.06.2023]}
}

 @misc{pernice_2022, 
	title={Transport kolejowy: Noty Tematyczne O unii europejskiej: Parlament europejski}, 
 	note = {\url{https://www.europarl.europa.eu/factsheets/pl/sheet/130/transport-kolejowy} [Data uzyskania dostêpu: 04 02 2022]}, 
	journal={Noty tematyczne o Unii Europejskiej | Parlament Europejski},
	author={Pernice, Davide}, 
	year={2021},
	month={Mar} 
} 


@article{pawluk2001jak,
  title={Jak pisa{\'c} teksty techniczne poprawnie},
  author={Pawluk, K},
  journal={Wiadomo{\'s}ci Elektrotechniczne},
  volume={69},
  number={12},
  pages={513--515},
  year={2001}
}

@BOOK{Led2004,
    AUTHOR       = "S. Deorowicz and A. Skórczyñski",
    TITLE        = {LED documentation},
    PUBLISHER    = "",
    YEAR         = "2004",
    VOLUME       = "",
    SERIES       = "",
    ADDRESS      = "",
    EDITION      = "",
    MONTH        = "",
    NOTE         = ""
}

@article{srodowiska2003z,
  title={w sprawie szczeg{\'o}{\l}owych wymaga{\'n}, jakim powinny odpowiada{\'c} programy dzia{\l}a{\'n} maj{\k{a}}cych na celu ograniczenia odp{\l}ywu ze {\'z}r{\'o}de{\l} rolniczych z dnia 23 grudnia 2002 r.},
  author={{Rozporz{\k{a}}dzenie Ministra \'S}rodowiska},
  journal={Dz. U},
  number={4},
  year={2003}
}


% ********** Koniec bibliografii **********
